<?xml version="1.0" encoding="UTF-8"?><collection xmlns="http://www.loc.gov/MARC21/slim"><record><leader>00403nam--2200133-i-4500</leader><controlfield tag="001">000009574</controlfield><controlfield tag="002">20161230</controlfield><controlfield tag="005">20161230201028</controlfield><controlfield tag="008">060222s1000------------r-----000-0-eng-d</controlfield><datafield ind1=" " ind2=" " tag="245"><subfield code="a">Contribution a l etude du transistor a effet de champs. these + annexes</subfield></datafield><datafield ind1=" " ind2=" " tag="260"><subfield code="a">Grenoble, Faculte Des Sciences De L Universite De Grenoble, 1969</subfield></datafield><datafield ind1=" " ind2=" " tag="490"><subfield code="a">137p.+ 33fig</subfield></datafield><datafield ind1=" " ind2=" " tag="700"><subfield code="a">David, Pierre</subfield></datafield><datafield ind1=" " ind2=" " tag="852"><subfield code="a">621.382.3</subfield></datafield></record></collection>